<?xml version="1.0" encoding="utf-8"?>
<record xmlns="http://www.loc.gov/MARC21/slim" xmlns:xsi="http://www.w3.org/2001/XMLSchema-instance" xsi:schemaLocation="http://www.loc.gov/MARC21/slim http://www.loc.gov/standards/marcxml/schema/MARC21slim.xsd">
	<leader>     nam a22     Mi 4500</leader>
	<controlfield tag="001">9628393</controlfield>
	<controlfield tag="003">NNC</controlfield>
	<controlfield tag="006">m        d        </controlfield>
	<controlfield tag="007">cr cn |||m|||a</controlfield>
	<controlfield tag="008">190409s1952    ua      o     000 0 ara d</controlfield>
	<datafield ind1=" " ind2=" " tag="040">
		<subfield code="a">ZYU</subfield>
		<subfield code="b">ara</subfield>
		<subfield code="c">ZYU</subfield>
	</datafield>
	<datafield ind1="1" ind2=" " tag="100">
		<subfield code="6">880-01</subfield>
		<subfield code="a">Qāḍī, ʻAbd al-Fattāḥ.</subfield>
	</datafield>
	<datafield ind1="1" ind2="0" tag="245">
		<subfield code="6">880-02</subfield>
		<subfield code="a">Tārīkh al muṣḥaf al-sharīf</subfield>
		<subfield code="h">[electronic resource] :</subfield>
		<subfield code="b">al-kitābah al-ʻArabīyah, kitābat al-Qurʼān fī al-ʻahd al-nabawī, jamʻuhu fī ʻaṣray Abī Bakr wa-ʻUthmān, al-maṣāḥif fī ʻaṣr al-ṣaḥābah, al-maṣāḥif al-ʻUthmānīyah naqṭ al-maṣāḥif wa-shakluhā, mā yajibu ʻalá kātib al-muṣḥaf, al-maṣāḥif fī dūr al-ṭibāʻah /</subfield>
		<subfield code="c">taʼlīf ʻAbd al-Fattḥ̄ al-Qāḍī.</subfield>
	</datafield>
	<datafield ind1=" " ind2=" " tag="260">
		<subfield code="6">880-03</subfield>
		<subfield code="a">Miṣr :</subfield>
		<subfield code="b">Yuṭlabu min Maktabat al-Jundī,</subfield>
		<subfield code="c">[1952]</subfield>
	</datafield>
	<datafield ind1=" " ind2=" " tag="300">
		<subfield code="a">online resource (66 p.)</subfield>
	</datafield>
	<datafield ind1=" " ind2=" " tag="500">
		<subfield code="a">Part of the Arabic Collections Online (ACO) project, contributed by Columbia University Libraries.</subfield>
	</datafield>
	<datafield ind1=" " ind2=" " tag="533">
		<subfield code="a">Electronic reproduction.</subfield>
		<subfield code="b">New York, N.Y. :</subfield>
		<subfield code="c">New York University,</subfield>
		<subfield code="d">2019.</subfield>
		<subfield code="5">NNU</subfield>
	</datafield>
	<datafield ind1="2" ind2=" " tag="710">
		<subfield code="a">Columbia University.</subfield>
		<subfield code="b">Libraries.</subfield>
	</datafield>
	<datafield ind1="0" ind2=" " tag="730">
		<subfield code="a">Arabic Collections Online.</subfield>
	</datafield>
	<datafield ind1="0" ind2="8" tag="776">
		<subfield code="i">Print version:</subfield>
		<subfield code="a">Qāḍī, ʻAbd al-Fattāḥ.</subfield>
		<subfield code="t">Tārīkh al muṣḥaf al-sharīf</subfield>
		<subfield code="w">(NNC)9628393</subfield>
	</datafield>
	<datafield ind1="4" ind2="0" tag="856">
		<subfield code="u">http://hdl.handle.net/2333.1/m63xsshd</subfield>
	</datafield>
	<datafield ind1="1" ind2=" " tag="880">
		<subfield code="6">100-01</subfield>
		<subfield code="a">قاضي، عبد الفتاح.</subfield>
	</datafield>
	<datafield ind1="1" ind2="0" tag="880">
		<subfield code="6">245-02</subfield>
		<subfield code="a">تاريخ المصحف الشريف :</subfield>
		<subfield code="b">الكتابة العربية، كتابة القرآن في العهد النبوي، جمعه في عصري أبي بكر و عثمان، المصاحف في عصر الصحابة، المصاحف العثمانية نقط المصاحف و شكلها، ما يجب على كاتب المصحف، المصاحف في دور الطباعة /</subfield>
		<subfield code="c">تأليف عبد الفتح القاضي.</subfield>
	</datafield>
	<datafield ind1=" " ind2=" " tag="880">
		<subfield code="6">260-03</subfield>
		<subfield code="a">مصر :</subfield>
		<subfield code="b">يطلب من مكتبة الجندي،</subfield>
		<subfield code="c">[1952]</subfield>
	</datafield>
	<datafield ind1=" " ind2=" " tag="959">
		<subfield code="a">NNU</subfield>
		<subfield code="b">WEB</subfield>
		<subfield code="c">GENI</subfield>
		<subfield code="t">0</subfield>
		<subfield code="m">Electronic access</subfield>
		<subfield code="s">01</subfield>
	</datafield>
	<datafield ind1=" " ind2=" " tag="999">
		<subfield code="i">NNC_9628393</subfield>
		<subfield code="s">columbia_aco004002</subfield>
		<subfield code="e">(ERROR-MISC)</subfield>
	</datafield>
</record>
